%YAML 1.1
%TAG !u! tag:unity3d.com,2011:
--- !u!1 &2037717594404072375
GameObject:
  m_ObjectHideFlags: 0
  m_CorrespondingSourceObject: {fileID: 0}
  m_PrefabInstance: {fileID: 0}
  m_PrefabAsset: {fileID: 0}
  serializedVersion: 6
  m_Component:
  - component: {fileID: 3822347965014042562}
  m_Layer: 0
  m_Name: TripleVerde
  m_TagString: Untagged
  m_Icon: {fileID: 0}
  m_NavMeshLayer: 0
  m_StaticEditorFlags: 0
  m_IsActive: 1
--- !u!4 &3822347965014042562
Transform:
  m_ObjectHideFlags: 0
  m_CorrespondingSourceObject: {fileID: 0}
  m_PrefabInstance: {fileID: 0}
  m_PrefabAsset: {fileID: 0}
  m_GameObject: {fileID: 2037717594404072375}
  m_LocalRotation: {x: 0, y: 0, z: 0, w: 1}
  m_LocalPosition: {x: 0, y: 0, z: 0}
  m_LocalScale: {x: 1, y: 1, z: 1}
  m_Children:
  - {fileID: 1209893003960765255}
  - {fileID: 368564678676852081}
  - {fileID: 4285858224161590742}
  m_Father: {fileID: 0}
  m_RootOrder: 0
  m_LocalEulerAnglesHint: {x: 0, y: 0, z: 0}
--- !u!1001 &2028802767581050334
PrefabInstance:
  m_ObjectHideFlags: 0
  serializedVersion: 2
  m_Modification:
    m_TransformParent: {fileID: 3822347965014042562}
    m_Modifications:
    - target: {fileID: 2836612484629781701, guid: c6503247226d99d47a4cf8e484865ef5,
        type: 3}
      propertyPath: m_Sprite
      value: 
      objectReference: {fileID: 21300000, guid: 9660c6bd29f715b4c9b815b0760dc7d0,
        type: 3}
    - target: {fileID: 2836612485441255432, guid: c6503247226d99d47a4cf8e484865ef5,
        type: 3}
      propertyPath: m_LocalPosition.x
      value: 0
      objectReference: {fileID: 0}
    - target: {fileID: 2836612485441255432, guid: c6503247226d99d47a4cf8e484865ef5,
        type: 3}
      propertyPath: m_LocalPosition.y
      value: 0
      objectReference: {fileID: 0}
    - target: {fileID: 2836612485441255432, guid: c6503247226d99d47a4cf8e484865ef5,
        type: 3}
      propertyPath: m_LocalPosition.z
      value: 0
      objectReference: {fileID: 0}
    - target: {fileID: 2836612485441255432, guid: c6503247226d99d47a4cf8e484865ef5,
        type: 3}
      propertyPath: m_LocalRotation.x
      value: -0
      objectReference: {fileID: 0}
    - target: {fileID: 2836612485441255432, guid: c6503247226d99d47a4cf8e484865ef5,
        type: 3}
      propertyPath: m_LocalRotation.y
      value: -0
      objectReference: {fileID: 0}
    - target: {fileID: 2836612485441255432, guid: c6503247226d99d47a4cf8e484865ef5,
        type: 3}
      propertyPath: m_LocalRotation.z
      value: -0
      objectReference: {fileID: 0}
    - target: {fileID: 2836612485441255432, guid: c6503247226d99d47a4cf8e484865ef5,
        type: 3}
      propertyPath: m_LocalRotation.w
      value: 1
      objectReference: {fileID: 0}
    - target: {fileID: 2836612485441255432, guid: c6503247226d99d47a4cf8e484865ef5,
        type: 3}
      propertyPath: m_RootOrder
      value: 2
      objectReference: {fileID: 0}
    - target: {fileID: 2836612485441255432, guid: c6503247226d99d47a4cf8e484865ef5,
        type: 3}
      propertyPath: m_LocalEulerAnglesHint.x
      value: 0
      objectReference: {fileID: 0}
    - target: {fileID: 2836612485441255432, guid: c6503247226d99d47a4cf8e484865ef5,
        type: 3}
      propertyPath: m_LocalEulerAnglesHint.y
      value: 0
      objectReference: {fileID: 0}
    - target: {fileID: 2836612485441255432, guid: c6503247226d99d47a4cf8e484865ef5,
        type: 3}
      propertyPath: m_LocalEulerAnglesHint.z
      value: 0
      objectReference: {fileID: 0}
    - target: {fileID: 2836612485441255435, guid: c6503247226d99d47a4cf8e484865ef5,
        type: 3}
      propertyPath: m_Name
      value: LaserBullet
      objectReference: {fileID: 0}
    m_RemovedComponents: []
  m_SourcePrefab: {fileID: 100100000, guid: c6503247226d99d47a4cf8e484865ef5, type: 3}
--- !u!4 &4285858224161590742 stripped
Transform:
  m_CorrespondingSourceObject: {fileID: 2836612485441255432, guid: c6503247226d99d47a4cf8e484865ef5,
    type: 3}
  m_PrefabInstance: {fileID: 2028802767581050334}
  m_PrefabAsset: {fileID: 0}
--- !u!1001 &2468196456295814521
PrefabInstance:
  m_ObjectHideFlags: 0
  serializedVersion: 2
  m_Modification:
    m_TransformParent: {fileID: 3822347965014042562}
    m_Modifications:
    - target: {fileID: 2836612484629781701, guid: c6503247226d99d47a4cf8e484865ef5,
        type: 3}
      propertyPath: m_Sprite
      value: 
      objectReference: {fileID: 21300000, guid: 9660c6bd29f715b4c9b815b0760dc7d0,
        type: 3}
    - target: {fileID: 2836612485441255432, guid: c6503247226d99d47a4cf8e484865ef5,
        type: 3}
      propertyPath: m_LocalPosition.x
      value: 0
      objectReference: {fileID: 0}
    - target: {fileID: 2836612485441255432, guid: c6503247226d99d47a4cf8e484865ef5,
        type: 3}
      propertyPath: m_LocalPosition.y
      value: -0.2
      objectReference: {fileID: 0}
    - target: {fileID: 2836612485441255432, guid: c6503247226d99d47a4cf8e484865ef5,
        type: 3}
      propertyPath: m_LocalPosition.z
      value: 0
      objectReference: {fileID: 0}
    - target: {fileID: 2836612485441255432, guid: c6503247226d99d47a4cf8e484865ef5,
        type: 3}
      propertyPath: m_LocalRotation.x
      value: -0
      objectReference: {fileID: 0}
    - target: {fileID: 2836612485441255432, guid: c6503247226d99d47a4cf8e484865ef5,
        type: 3}
      propertyPath: m_LocalRotation.y
      value: -0
      objectReference: {fileID: 0}
    - target: {fileID: 2836612485441255432, guid: c6503247226d99d47a4cf8e484865ef5,
        type: 3}
      propertyPath: m_LocalRotation.z
      value: -0
      objectReference: {fileID: 0}
    - target: {fileID: 2836612485441255432, guid: c6503247226d99d47a4cf8e484865ef5,
        type: 3}
      propertyPath: m_LocalRotation.w
      value: 1
      objectReference: {fileID: 0}
    - target: {fileID: 2836612485441255432, guid: c6503247226d99d47a4cf8e484865ef5,
        type: 3}
      propertyPath: m_RootOrder
      value: 1
      objectReference: {fileID: 0}
    - target: {fileID: 2836612485441255432, guid: c6503247226d99d47a4cf8e484865ef5,
        type: 3}
      propertyPath: m_LocalEulerAnglesHint.x
      value: 0
      objectReference: {fileID: 0}
    - target: {fileID: 2836612485441255432, guid: c6503247226d99d47a4cf8e484865ef5,
        type: 3}
      propertyPath: m_LocalEulerAnglesHint.y
      value: 0
      objectReference: {fileID: 0}
    - target: {fileID: 2836612485441255432, guid: c6503247226d99d47a4cf8e484865ef5,
        type: 3}
      propertyPath: m_LocalEulerAnglesHint.z
      value: 0
      objectReference: {fileID: 0}
    - target: {fileID: 2836612485441255435, guid: c6503247226d99d47a4cf8e484865ef5,
        type: 3}
      propertyPath: m_Name
      value: LaserBullet (1)
      objectReference: {fileID: 0}
    m_RemovedComponents: []
  m_SourcePrefab: {fileID: 100100000, guid: c6503247226d99d47a4cf8e484865ef5, type: 3}
--- !u!4 &368564678676852081 stripped
Transform:
  m_CorrespondingSourceObject: {fileID: 2836612485441255432, guid: c6503247226d99d47a4cf8e484865ef5,
    type: 3}
  m_PrefabInstance: {fileID: 2468196456295814521}
  m_PrefabAsset: {fileID: 0}
--- !u!1001 &4005893869666710351
PrefabInstance:
  m_ObjectHideFlags: 0
  serializedVersion: 2
  m_Modification:
    m_TransformParent: {fileID: 3822347965014042562}
    m_Modifications:
    - target: {fileID: 2836612484629781701, guid: c6503247226d99d47a4cf8e484865ef5,
        type: 3}
      propertyPath: m_Sprite
      value: 
      objectReference: {fileID: 21300000, guid: 9660c6bd29f715b4c9b815b0760dc7d0,
        type: 3}
    - target: {fileID: 2836612485441255432, guid: c6503247226d99d47a4cf8e484865ef5,
        type: 3}
      propertyPath: m_LocalPosition.x
      value: 0
      objectReference: {fileID: 0}
    - target: {fileID: 2836612485441255432, guid: c6503247226d99d47a4cf8e484865ef5,
        type: 3}
      propertyPath: m_LocalPosition.y
      value: 0.2
      objectReference: {fileID: 0}
    - target: {fileID: 2836612485441255432, guid: c6503247226d99d47a4cf8e484865ef5,
        type: 3}
      propertyPath: m_LocalPosition.z
      value: 0
      objectReference: {fileID: 0}
    - target: {fileID: 2836612485441255432, guid: c6503247226d99d47a4cf8e484865ef5,
        type: 3}
      propertyPath: m_LocalRotation.x
      value: -0
      objectReference: {fileID: 0}
    - target: {fileID: 2836612485441255432, guid: c6503247226d99d47a4cf8e484865ef5,
        type: 3}
      propertyPath: m_LocalRotation.y
      value: -0
      objectReference: {fileID: 0}
    - target: {fileID: 2836612485441255432, guid: c6503247226d99d47a4cf8e484865ef5,
        type: 3}
      propertyPath: m_LocalRotation.z
      value: -0
      objectReference: {fileID: 0}
    - target: {fileID: 2836612485441255432, guid: c6503247226d99d47a4cf8e484865ef5,
        type: 3}
      propertyPath: m_LocalRotation.w
      value: 1
      objectReference: {fileID: 0}
    - target: {fileID: 2836612485441255432, guid: c6503247226d99d47a4cf8e484865ef5,
        type: 3}
      propertyPath: m_RootOrder
      value: 0
      objectReference: {fileID: 0}
    - target: {fileID: 2836612485441255432, guid: c6503247226d99d47a4cf8e484865ef5,
        type: 3}
      propertyPath: m_LocalEulerAnglesHint.x
      value: 0
      objectReference: {fileID: 0}
    - target: {fileID: 2836612485441255432, guid: c6503247226d99d47a4cf8e484865ef5,
        type: 3}
      propertyPath: m_LocalEulerAnglesHint.y
      value: 0
      objectReference: {fileID: 0}
    - target: {fileID: 2836612485441255432, guid: c6503247226d99d47a4cf8e484865ef5,
        type: 3}
      propertyPath: m_LocalEulerAnglesHint.z
      value: 0
      objectReference: {fileID: 0}
    - target: {fileID: 2836612485441255435, guid: c6503247226d99d47a4cf8e484865ef5,
        type: 3}
      propertyPath: m_Name
      value: LaserBullet (2)
      objectReference: {fileID: 0}
    m_RemovedComponents: []
  m_SourcePrefab: {fileID: 100100000, guid: c6503247226d99d47a4cf8e484865ef5, type: 3}
--- !u!4 &1209893003960765255 stripped
Transform:
  m_CorrespondingSourceObject: {fileID: 2836612485441255432, guid: c6503247226d99d47a4cf8e484865ef5,
    type: 3}
  m_PrefabInstance: {fileID: 4005893869666710351}
  m_PrefabAsset: {fileID: 0}
